@article{Finnie1996,
author = {Finnie, G R and Wittig, G E},
doi = {10.1109/SEEP.1996.534020},
file = {:Users/Kundalini/Library/Mobile Documents/com{\~{}}apple{\~{}}CloudDocs/Studium/6.{\_}Semester/SAT/WissenschaftlicheArbeit/Literatur/AI Tools for Software Development Effort Estimation.pdf:pdf},
isbn = {0-8186-7379-6},
journal = {Software Engineering: Education and Practice, 1996. Proceedings. International Conference},
keywords = {Artificial neural networks,Australia,Bonding,Gold,Intelligent networks,Noise level,Predictive models,Programming,artificial intelligence,backpropagation,backpropagation artificial neural networks,case-based reasoning,complex variable relationships,computer aided software engineering,function points,human resource management,neural nets,noisy input data,productivity,software cost estimation,software development effort estimation,software development time,software tools},
mendeley-groups = {NN{\_}cost/effort-estimation},
pages = {346--353},
title = {{AI tools for software development effort estimation}},
year = {1996}
}

@article{Jeffery1990,
author = {Jeffery, D R and Low, G},
doi = {10.1049/sej.1990.0024},
file = {:Users/Kundalini/Library/Mobile Documents/com{\~{}}apple{\~{}}CloudDocs/Studium/6.{\_}Semester/SAT/WissenschaftlicheArbeit/Literatur/Calibrating Estimation Tools for Software Developmen.pdf:pdf},
issn = {0268-6961 VO - 5},
journal = {Software Engineering Journal},
keywords = {Software tools,algorithmic-based software cost estimation tools,calibration,quantitative management,software development,software projects,software tools},
number = {4},
pages = {215--221},
title = {{Calibrating estimation tools for software development}},
volume = {5},
year = {1990}
}

@article{Matson1994,
author = {Matson, J E and Barrett, B E and Mellichamp, J M},
doi = {10.1109/32.277575},
file = {:Users/Kundalini/Library/Mobile Documents/com{\~{}}apple{\~{}}CloudDocs/Studium/6.{\_}Semester/SAT/WissenschaftlicheArbeit/Literatur/Software development cost estimation using function points .pdf:pdf},
issn = {0098-5589 VO - 20},
journal = {IEEE Transactions on Software Engineering},
keywords = {Context modeling,Cost function,Environmental factors,Lab-on-a-chip,Lifting equipment,Predictive models,Programming,Regression analysis,Size measurement,Software measurement,development effort,function points,prediction models,regression analysis,software cost estimation,software development cost estimation,statistical analysis,statistical regression models},
number = {4},
pages = {275--287},
title = {{Software development cost estimation using function points}},
volume = {20},
year = {1994}
}

@inproceedings{Bilgaiyan2016,
author = {Bilgaiyan, Saurabh and Mishra, Samaresh and Das, Madhabananda},
booktitle = {2016 2nd International Conference on Computational Intelligence and Networks (CINE), Computational Intelligence and Networks (CINE), 2016 2nd International Conference on, cine},
doi = {10.1109/CINE.2016.27},
file = {:Users/Kundalini/Library/Application Support/Mendeley Desktop/Downloaded/Bilgaiyan, Mishra, Das - 2016 - A Review of Software Cost Estimation in Agile Software Development Using Soft Computing Techniques.pdf:pdf},
isbn = {978-1-5090-0451-5},
keywords = {Agile software development,Artificial neural networks,Computational modeling,Computing and Processing,Estimation,Predictive models,Software,cost estimation,effort estimation,neural network,soft computing,software project management (SPM)},
mendeley-groups = {NN{\_}cost/effort-estimation},
pages = {112},
publisher = {IEEE},
title = {{A Review of Software Cost Estimation in Agile Software Development Using Soft Computing Techniques}},
year = {2016}
}

@article{Bajta2018,
annote = {SPM - Software Project Management},
author = {Bajta, M E and Idri, A and Ros, J N and Fernandez-Aleman, J L and Gea, J M Carrillo De and GarcÄ±a, F and Toval, A},
doi = {10.26599/TST.2018.9010029},
file = {:Users/Kundalini/Library/Mobile Documents/com{\~{}}apple{\~{}}CloudDocs/Studium/6.{\_}Semester/SAT/WissenschaftlicheArbeit/Literatur/Software Project Management Approaches for Global Software Development- A Systematic Mapping Study.pdf:pdf},
issn = {1007-0214 VO - 23},
journal = {Tsinghua Science and Technology},
keywords = {GSD,Global Software Development (GSD),Monitoring,Planning,Project management,SPM approaches,Software,Software Project Management (SPM),Software engineering,Standards,Systematic Mapping Study (SMS),Systematics,formal specification,global software development,software development management,software engineering,software management,software project management,systematic mapping study},
number = {6},
pages = {690--714},
title = {{Software project management approaches for global software development: a systematic mapping study}},
volume = {23},
year = {2018}
}

@inproceedings{Jain2016,
annote = {COCOMO Beschreibung},
author = {Jain, R and Sharma, V K and Hiranwal, S},
booktitle = {2016 International Conference on Control, Instrumentation, Communication and Computational Technologies (ICCICCT)},
doi = {10.1109/ICCICCT.2016.7988044},
file = {:Users/Kundalini/Library/Mobile Documents/com{\~{}}apple{\~{}}CloudDocs/Studium/6.{\_}Semester/SAT/WissenschaftlicheArbeit/Literatur/Reduce Mean Magnitude Relative Error in Software Cost Estimation by HOD-COCOMO Algorithm .pdf:pdf},
isbn = {VO -},
keywords = {Algorithm design and analysis,BAT COCOMO,BAT-COCOMO,COCOMO,COCOMO model coefficient,Computational modeling,Estimation,Genetic algorithms,HOD-COCOMO,HOD-COCOMO algorithm,MMRE,Mathematical model,Software,Software algorithms,embedded model,human opinion dynamic-constructive cost model,mean magnitude reactive error,mean magnitude relative error reduction,organic model,project duration,project management,semidetached model,software cost estimation,software management,software project management},
pages = {708--712},
title = {{Reduce mean magnitude relative error in software cost estimation by HOD-COCOMO algorithm}},
year = {2016}
}

@inproceedings{Abrahamsson2007,
author = {Abrahamsson, P and Moser, R and Pedrycz, W and Sillitti, A and Succi, G},
booktitle = {First International Symposium on Empirical Software Engineering and Measurement (ESEM 2007)},
doi = {10.1109/ESEM.2007.16},
file = {:Users/Kundalini/Library/Mobile Documents/com{\~{}}apple{\~{}}CloudDocs/Studium/6.{\_}Semester/SAT/WissenschaftlicheArbeit/Literatur/Effort Prediction in Iterative Software Development Processes.pdf:pdf},
isbn = {1949-3770 VO -},
keywords = {Buildings,Costs,Electric variables measurement,Iterative methods,Object oriented modeling,Prediction methods,Predictive models,Programming,Software engineering,Software measurement,agile development environments,effort estimation methodology,effort prediction,extreme programming,historic data,iterative development environments,iterative software development processes,semiindustrial projects,software company,software engineering},
mendeley-groups = {NN{\_}cost/effort-estimation},
pages = {344--353},
title = {{Effort Prediction in Iterative Software Development Processes -- Incremental Versus Global Prediction Models}},
year = {2007}
}

@article{Huang2006,
author = {Huang, Sun Jen and Lin, Chieh Yi and Chiu, Nan Hsing},
file = {:Users/Kundalini/Library/Mobile Documents/com{\~{}}apple{\~{}}CloudDocs/Studium/6.{\_}Semester/SAT/WissenschaftlicheArbeit/Literatur/Fuzzy decision tree approach for embedding risk assessment information into software cost estimation model.pdf:pdf},
issn = {10162364},
journal = {Journal of Information Science and Engineering},
keywords = {Fuzzy decision tree,Risk assessment,Software cost estimation model,Software measurement and analysis,Software project planning},
mendeley-groups = {NN{\_}cost/effort-estimation},
number = {2},
pages = {297--313},
title = {{Fuzzy decision tree approach for embedding risk assessment information into software cost estimation model}},
volume = {22},
year = {2006}
}

@article{Heemstra1992,
author = {Heemstra, F J},
doi = {10.1142/97898123897010014},
file = {:Users/Kundalini/Library/Mobile Documents/com{\~{}}apple{\~{}}CloudDocs/Studium/6.{\_}Semester/SAT/WissenschaftlicheArbeit/Literatur/Software cost estimation - Heemstra.pdf:pdf},
isbn = {0818620781},
issn = {09505849},
journal = {Handbook of Software Engineering, Hong Kong Polytechnic University},
keywords = {cost models,effort estimation,project estimation},
mendeley-groups = {NN{\_}cost/effort-estimation},
number = {10},
title = {{Software Cost Estimation}},
volume = {34},
year = {1992}
}

@article{Huang2007,
author = {Huang, Xishi and Ho, Danny and Ren, Jing and Capretz, Luiz F.},
doi = {10.1016/J.ASOC.2005.06.007},
file = {:Users/Kundalini/Library/Application Support/Mendeley Desktop/Downloaded/Huang et al. - 2007 - Improving the COCOMO model using a neuro-fuzzy approach.pdf:pdf},
issn = {1568-4946},
journal = {Applied Soft Computing},
mendeley-groups = {NN{\_}cost/effort-estimation},
number = {1},
pages = {29--40},
publisher = {Elsevier},
title = {{Improving the COCOMO model using a neuro-fuzzy approach}},
volume = {7},
year = {2007}
}

@article{Chen2005,
author = {Chen, Zhihao and Menzies, Tim and Port, Dan and Boehm, Barry},
doi = {10.1145/1082983.1083171},
file = {:Users/Kundalini/Library/Mobile Documents/com{\~{}}apple{\~{}}CloudDocs/Studium/6.{\_}Semester/SAT/WissenschaftlicheArbeit/Literatur/Feature Subset Selection Can Improve Software Cost Estimation Accuracy.pdf:pdf},
isbn = {978-1-59593-125-2},
issn = {01635948},
journal = {ACM SIGSOFT Software Engineering Notes},
keywords = {cocomo,feature subset selection,lsr,m5,wrapper},
mendeley-groups = {NN{\_}cost/effort-estimation},
number = {4},
pages = {1},
title = {{Feature subset selection can improve software cost estimation accuracy}},
volume = {30},
year = {2005}
}

@article{Khalifelu2012,
author = {Khalifelu, Zeynab Abbasi and Gharehchopogh, Farhad Soleimanian},
doi = {10.1016/j.protcy.2012.02.013},
file = {:Users/Kundalini/Library/Application Support/Mendeley Desktop/Downloaded/Khalifelu, Gharehchopogh - 2012 - Comparison and evaluation of data mining techniques with algorithmic models in software cost estimatio.pdf:pdf},
issn = {22120173},
journal = {Procedia Technology},
pages = {65--71},
title = {{Comparison and evaluation of data mining techniques with algorithmic models in software cost estimation}},
volume = {1},
year = {2012}
}

@inproceedings{Gharehchopogh2011,
author = {Gharehchopogh, F S},
booktitle = {2011 International Symposium on Innovations in Intelligent Systems and Applications},
doi = {10.1109/INISTA.2011.5946160},
file = {:Users/Kundalini/Library/Mobile Documents/com{\~{}}apple{\~{}}CloudDocs/Studium/6.{\_}Semester/SAT/WissenschaftlicheArbeit/Literatur/Neural networks application in software cost estimation- A case study.pdf:pdf},
isbn = {VO -},
keywords = {Algorithm design and analysis,Artificial neural networks,Cost Estimation,Estimation,Intermediate COCOMO,NASA,Neural Network,Software,Software algorithms,Training,algorithmic methods,neural nets,neural networks,software cost estimation,software cost prediction,software engineering,software projects},
pages = {69--73},
title = {{Neural networks application in software cost estimation: A case study}},
year = {2011}
}

@article{Boetticher2001,
author = {Boetticher, G D},
doi = {10.1.1.19.111},
file = {:Users/Kundalini/Library/Mobile Documents/com{\~{}}apple{\~{}}CloudDocs/Studium/6.{\_}Semester/SAT/WissenschaftlicheArbeit/Literatur/Using Machine Learning to Predict Project Effort- Empirical Case Studies in Data-Starved Domains.pdf:pdf},
journal = {Model Based Requirements Workshop},
keywords = {backpropagation,effort estimation,engineering,machine learning,metrics,neural networks,project estimation,requirements engineering,sloc,software},
pages = {17--24},
title = {{Using Machine Learning to Predict Project Effort: Empirical Case Studies in Data-Starved Domains}},
year = {2001}
}

@article{Setyawati2002,
author = {Setyawati, Bina R and Sahirman, Sidharta and Creese, Robert C},
file = {:Users/Kundalini/Library/Application Support/Mendeley Desktop/Downloaded/Setyawati, Sahirman, Creese - 2002 - Neural Networks for Cost Estimation.pdf:pdf},
issn = {15287106},
journal = {AACE International Transactions},
keywords = {Artificial neural networks,Cost estimates},
month = {jun},
pages = {13.1},
publisher = {AACE International},
title = {{Neural Networks for Cost Estimation.}},
year = {2002}
}

